%% This BibTeX bibliography file was created using BibDesk.
%% http://bibdesk.sourceforge.net/


%% Created for Anton Ã–sterblad at 2014-03-07 11:07:34 +0100 


%% Saved with string encoding Unicode (UTF-8) 



@article{auer08,
	Author = {Auer, S.},
	Date-Modified = {2014-03-07 10:06:50 +0000},
	Publisher = {Computer Graphics and Visualization},
	Title = {Realtime Particle-Based Fluid Simulation},
	Volume = {October 4th},
	Year = {2008}
	}

@article{kelager06,
	Author = {Kelager, M.},
	Publisher = {Department of Computer Science, University of Copenhagen},
	Title = {Lagrangian Fluid Dynamics Using Smoothed Particle Hydrodynamics},
	Volume = {January 9th},
	Year = {2006}
	}
